@article{aldrich1997ra,
  title={RA Fisher and the making of maximum likelihood 1912-1922},
  author={Aldrich, John and others},
  journal={Statistical Science},
  volume={12},
  number={3},
  pages={162--176},
  year={1997},
  publisher={Institute of Mathematical Statistics}
}

@article{erdogan1999monotonic,
  title={Monotonic algorithms for transmission tomography},
  author={Erdogan, Hakan and Fessler, Jeffrey A},
  journal={IEEE transactions on medical imaging},
  volume={18},
  number={9},
  pages={801--814},
  year={1999},
  publisher={IEEE}
}

@book{gonzalez1992digital,
  title={Digital Image Processing},
  author={Gonzalez, R.C. and Woods, R.E.},
  isbn={9780201508031},
  lccn={91030866},
  series={Addison-Wesley world student series},
  url={https://books.google.co.uk/books?id=C\_FRAAAAMAAJ},
  year={1992},
  publisher={Addison-Wesley}
}

@book{bracewell2012fourier,
  title={Fourier Analysis and Imaging},
  author={Bracewell, R.},
  isbn={9781441989635},
  url={https://books.google.co.uk/books?id=5NR5BgAAQBAJ},
  year={2012},
  publisher={Springer US}
}
