@book{gonzalez1992digital,
  title={Digital Image Processing},
  author={Gonzalez, R.C. and Woods, R.E.},
  isbn={9780201508031},
  lccn={91030866},
  series={Addison-Wesley world student series},
  url={https://books.google.co.uk/books?id=C\_FRAAAAMAAJ},
  year={1992},
  publisher={Addison-Wesley}
}
